% This file was created with JabRef 2.6.
% Encoding: UTF8

@INPROCEEDINGS{Brown2007,
  author = {Adam Brown and James C. Browne and Calvin Lin},
  title = {Early Results with Precision Abstraction: Using Data-flow Analysis
	to Improve the Scalability of Model Checking},
  booktitle = {IPDPS},
  year = {2007},
  pages = {1-5},
  bibsource = {DBLP, http://dblp.uni-trier.de},
  crossref = {DBLP:conf/ipps/2007},
  ee = {http://dx.doi.org/10.1109/IPDPS.2007.370520}
}

@INPROCEEDINGS{Naik2006,
  author = {Mayur Naik and Alex Aiken and John Whaley},
  title = {Effective static race detection for Java},
  booktitle = {PLDI},
  year = {2006},
  pages = {308-319},
  bibsource = {DBLP, http://dblp.uni-trier.de},
  crossref = {DBLP:conf/pldi/2006},
  ee = {http://doi.acm.org/10.1145/1133981.1134018}
}

@INPROCEEDINGS{AanDeBrugh2009,
  author = {Aan De Brugh, Niels H. and Nguyen, Viet Yen and Ruys, Theo C.},
  title = {{MoonWalker}: Verification of {.NET} Programs},
  booktitle = {Proceedings of the 15th International Conference on Tools and Algorithms
	for the Construction and Analysis of Systems: Held as Part of the
	Joint European Conferences on Theory and Practice of Software, ETAPS
	2009,},
  year = {2009},
  series = {TACAS '09},
  pages = {170--173},
  address = {Berlin, Heidelberg},
  publisher = {Springer-Verlag},
  acmid = {1532911},
  isbn = {978-3-642-00767-5},
  location = {York, UK},
  numpages = {4}
}

@INPROCEEDINGS{Agarwal2006,
  author = {Rahul Agarwal and Liqiang Wang and Scott D. Stoller},
  title = {Detecting Potential Deadlocks with Static Analysis and Runtime Monitoring},
  booktitle = {Proceedings of the Parallel and Distributed Systems: Testing and
	Debugging (PADTAD) Track of the 2005 Haifa Verification Conference},
  year = {2006},
  volume = {3875},
  series = {Lecture Notes in Computer Science},
  pages = {191-207},
  month = nov,
  publisher = {Springer-Verlag}
}

@TECHREPORT{Agarwal2005,
  author = {Rahul Agarwal and Liqiang Wang and Scott D. Stoller},
  title = {Detecting Potential Deadlocks with Static Analysis and Runtime Monitoring},
  institution = {Computer Science Department, SUNY at Stony Brook},
  year = {2005},
  type = {Technical Report},
  number = {DAR-05-25},
  month = sep
}

@BOOK{Aho1986,
  title = {Compilers: principles, techniques, and tools},
  publisher = {Addison-Wesley Longman Publishing Co., Inc.},
  year = {1986},
  author = {Aho, Alfred V. and Sethi, Ravi and Ullman, Jeffrey D.},
  address = {Boston, MA, USA},
  isbn = {0-201-10088-6}
}

@BOOK{Albahari2006,
  title = {Threading in C\#},
  publisher = {O'Reilly Media, Inc.},
  year = {2006},
  author = {Joseph Albahari},
  owner = {Filip Navara},
  timestamp = {2011.04.26}
}

@PHDTHESIS{Andersen1994,
  author = {Lars Ole Andersen},
  title = {Program Analysis and Specialization for the {C} Programming Language},
  school = {University of Copenhagen},
  year = {1994},
  owner = {Filip Navara},
  timestamp = {2011.05.02}
}

@INPROCEEDINGS{Artho2001,
  author = {C. Artho and A. Biere},
  title = {Applying Static Analysis to Large-Scale, Multithreaded {J}ava Programs.},
  booktitle = {Proc.\ 13th {ASWEC}},
  year = {2001},
  pages = {68--75},
  address = {Canberra, Australia},
  publisher = {IEEE Computer Society Press}
}

@PHDTHESIS{Bacon1997,
  author = {Bacon, David Francis},
  title = {Fast and effective optimization of statically typed object-oriented
	languages},
  year = {1997},
  note = {AAI9828589},
  isbn = {0-591-81143-X},
  publisher = {University of California, Berkeley}
}

@MISC{Bateman2002,
  author = {Anita J. Bateman and Travis Pouarz},
  title = {Extracting a Petri Net Representation of {Java} Concurrency},
  month = {May},
  year = {2002},
  owner = {Filip Navara},
  timestamp = {2011.01.25}
}

@MISC{Bensalem,
  author = {S. Bensalem and Klaus Havelund},
  title = {Reducing False Positives in Runtime Analysis of Deadlocks},
  month = {October},
  year = {2002},
  owner = {Filip Navara},
  timestamp = {2011.01.25}
}

@INPROCEEDINGS{Brat2000,
  author = {Guillaume Brat and Klaus Havelund and Seungjoon Park and Willem Visser},
  title = {Java PathFinder - Second Generation of a Java Model Checker},
  booktitle = {In Proceedings of the Workshop on Advances in Verification},
  year = {2000}
}

@ELECTRONIC{Walrus,
  author = {CAIDA},
  year = {2005},
  title = {Walrus, graph visualization tool},
  url = {http://www.caida.org/tools/visualization/walrus/},
  owner = {Filip Navara},
  timestamp = {2011.04.24}
}

@INPROCEEDINGS{Choi1993,
  author = {Choi, Jong-Deok and Burke, Michael and Carini, Paul},
  title = {Efficient flow-sensitive interprocedural computation of pointer-induced
	aliases and side effects},
  booktitle = {Proceedings of the 20th ACM SIGPLAN-SIGACT symposium on Principles
	of programming languages},
  year = {1993},
  series = {POPL '93},
  pages = {232--245},
  address = {New York, NY, USA},
  publisher = {ACM},
  acmid = {158639},
  isbn = {0-89791-560-7},
  location = {Charleston, South Carolina, United States},
  numpages = {14}
}

@ARTICLE{Coffman1971,
  author = {Coffman, E. G. and Elphick, M. and Shoshani, A.},
  title = {System Deadlocks},
  journal = {ACM Comput. Surv.},
  year = {1971},
  volume = {3},
  pages = {67--78},
  month = {June},
  acmid = {356588},
  address = {New York, NY, USA},
  issn = {0360-0300},
  issue = {2},
  numpages = {12},
  publisher = {ACM}
}

@INPROCEEDINGS{Deshmukh2009,
  author = {Deshmukh, Jyotirmoy and Emerson, E. Allen and Sankaranarayanan, Sriram},
  title = {Symbolic Deadlock Analysis in Concurrent Libraries and Their Clients},
  booktitle = {Proceedings of the 2009 IEEE/ACM International Conference on Automated
	Software Engineering},
  year = {2009},
  series = {ASE '09},
  pages = {480--491},
  address = {Washington, DC, USA},
  publisher = {IEEE Computer Society},
  acmid = {1747542},
  isbn = {978-0-7695-3891-4},
  keywords = {Deadlock Detection, SMT solvers, Static Analysis, Program Analysis,
	Concurrent Libraries},
  numpages = {12}
}

@BOOK{Ecma335,
  title = {Standard ECMA-335 - Common Language Infrastructure (CLI)},
  publisher = {ECMA},
  year = {2006},
  author = {{ECMA International}},
  edition = {4},
  month = {June}
}

@MASTERSTHESIS{Emami1993,
  author = {M. Emami},
  title = {A practical inter-procedural alias analysis for an optimizing/paralleling
	{C} compiler},
  school = {School of Computer Science, McGill University},
  year = {1993},
  owner = {Filip Navara},
  timestamp = {2011.01.29}
}

@ELECTRONIC{MonoCecil,
  author = {Jean-Baptiste Evain},
  year = {2011},
  title = {Mono.{C}ecil},
  url = {https://github.com/jbevain/cecil},
  owner = {Filip Navara},
  timestamp = {2011.04.24}
}

@ELECTRONIC{ILSpy,
  author = {Daniel Grunwald and David Srbecky},
  year = {2011},
  title = {{ILSpy}, open-source {.NET} assembly browser and decompiler},
  url = {http://www.ilspy.net/},
  owner = {Filip Navara},
  timestamp = {2011.04.24}
}

@INPROCEEDINGS{Gulwani2007,
  author = {S. Gulwani and A. Tiwari},
  title = {Computing Procedure Summaries for Interprocedural Analysis},
  booktitle = {European Symp. on Programming, ESOP 2007},
  year = {2007},
  editor = {De Nicola, R.},
  volume = {4421},
  series = {LNCS},
  pages = {253--267}
}

@ELECTRONIC{QuickGraph,
  author = {Jonathan de Halleux},
  year = {2011},
  title = {QuickGraph},
  url = {http://quickgraph.codeplex.com/},
  owner = {Filip Navara},
  timestamp = {2011.04.24}
}

@INPROCEEDINGS{Havelund2000,
  author = {Havelund, Klaus},
  title = {Using Runtime Analysis to Guide Model Checking of {J}ava Programs},
  booktitle = {Proceedings of the 7th International SPIN Workshop on SPIN Model
	Checking and Software Verification},
  year = {2000},
  pages = {245--264},
  address = {London, UK},
  publisher = {Springer-Verlag},
  acmid = {672085},
  isbn = {3-540-41030-9},
  numpages = {20}
}

@INPROCEEDINGS{Havelund1999,
  author = {Havelund, Klaus},
  title = {{Java PathFinder, A Translator from Java to Promela}},
  booktitle = {SPIN},
  year = {1999},
  abstract = {{The Java PathFinder, Jpf, is a translator from a subset of Java 1.0
	to Promela, the programming language of the Spin model checker. The
	purpose of Jpf is to establish a framework for verification and debugging
	of Java programs based on model checking. The main goal is to automate
	program verification such that a programmer can apply it in the daily
	work without the need for a specialist to manually reformulate a
	program into a different notation in order to analyze the program.
	The system is...}},
  citeulike-article-id = {1356838},
  citeulike-linkout-0 = {http://citeseerx.ist.psu.edu/viewdoc/summary?doi=10.1.1.48.5058},
  keywords = {checking, model},
  posted-at = {2007-06-02 08:16:04},
  priority = {2}
}

@INPROCEEDINGS{Hewitt1973,
  author = {Hewitt, Carl and Bishop, Peter and Steiger, Richard},
  title = {A universal modular {ACTOR} formalism for artificial intelligence},
  booktitle = {Proceedings of the 3rd international joint conference on Artificial
	intelligence},
  year = {1973},
  pages = {235--245},
  address = {San Francisco, CA, USA},
  publisher = {Morgan Kaufmann Publishers Inc.},
  acmid = {1624804},
  location = {Stanford, USA},
  numpages = {11}
}

@MISC{Jo_constructingcontrol,
  author = {Jo Jang{-}wu and Chang Byeong{-}mo},
  title = {Constructing Control Flow Graph for {J}ava by Decoupling Exception
	Flow from Normal Flow},
  year = {2004}
}

@INPROCEEDINGS{Joshi2009,
  author = {Joshi, Pallavi and Naik, Mayur and Park, Chang-Seo and Sen, Koushik},
  title = {CalFuzzer: An Extensible Active Testing Framework for Concurrent
	Programs},
  booktitle = {Proceedings of the 21st International Conference on Computer Aided
	Verification},
  year = {2009},
  series = {CAV '09},
  pages = {675--681},
  address = {Berlin, Heidelberg},
  publisher = {Springer-Verlag},
  acmid = {1575118},
  isbn = {978-3-642-02657-7},
  location = {Grenoble, France},
  numpages = {7}
}

@ELECTRONIC{CSLint,
  author = {Konstantin Knizhnik},
  year = {2011},
  title = {{CSL}int},
  url = {http://www.garret.ru/csharp.html},
  owner = {Filip Navara},
  timestamp = {2011.04.25}
}

@ELECTRONIC{Jlint,
  author = {Konstantin Knizhnik and Cyrille Artho},
  year = {2011},
  title = {Jlint},
  url = {http://jlint.sourceforge.net/},
  owner = {Filip Navara},
  timestamp = {2011.04.25}
}

@INPROCEEDINGS{Landi1992,
  author = {Landi, William and Ryder, Barbara G.},
  title = {A safe approximate algorithm for interprocedural aliasing},
  booktitle = {Proceedings of the ACM SIGPLAN 1992 conference on Programming language
	design and implementation},
  year = {1992},
  series = {PLDI '92},
  pages = {235--248},
  address = {New York, NY, USA},
  publisher = {ACM},
  acmid = {143137},
  isbn = {0-89791-475-9},
  location = {San Francisco, California, United States},
  numpages = {14}
}

@PHDTHESIS{Might2007,
  author = {Matthew Might},
  title = {Environment Analysis of Higher-Order Languages},
  school = {Georgia Institute of Technology},
  year = {2007},
  month = {June}
}

@TECHREPORT{Milanova2002,
  author = {Ana Milanova and Atanas Rountev and Barbara G. Ryder},
  title = {Precise Call Graph Construction in the Presence of Function Pointers},
  institution = {In Proceedings of the Second IEEE International Workshop on Source
	Code Analysis and Manipulation},
  year = {2001}
}

@BOOK{Muchnick1998,
  title = {Advanced compiler design and implementation},
  publisher = {Morgan Kaufmann Publishers Inc.},
  year = {1997},
  author = {Muchnick, Steven S.},
  address = {San Francisco, CA, USA},
  isbn = {1-55860-320-4}
}

@MISC{Musuvathi2007,
  author = {Madanlal Musuvathi and Shaz Qadeer and Thomas Ball},
  title = {CHESS: A Systematic Testing Tool for Concurrent Software},
  year = {2007}
}

@ELECTRONIC{MsAgl,
  author = {Lev Nachmanson and Lynn Powers},
  year = {2011},
  title = {Microsoft automatic graph layout library ({MSAGL})},
  url = {http://research.microsoft.com/en-us/projects/msagl},
  owner = {Filip Navara},
  timestamp = {2011.04.24}
}

@ARTICLE{Naik2008,
  author = {Mayur Naik and Jens Palsberg},
  title = {A type system equivalent to a model checker},
  journal = {ACM Trans. Program. Lang. Syst.},
  year = {2008},
  volume = {30},
  number = {5},
  bibsource = {DBLP, http://dblp.uni-trier.de},
  ee = {http://doi.acm.org/10.1145/1387673.1387678}
}

@INPROCEEDINGS{Naik2009,
  author = {Naik, Mayur and Park, Chang-Seo and Sen, Koushik and Gay, David},
  title = {Effective static deadlock detection},
  booktitle = {Proceedings of the 31st International Conference on Software Engineering},
  year = {2009},
  series = {ICSE '09},
  pages = {386--396},
  address = {Washington, DC, USA},
  publisher = {IEEE Computer Society},
  acmid = {1555052},
  isbn = {978-1-4244-3453-4},
  numpages = {11}
}

@ELECTRONIC{jchord,
  author = {Mayur Naik and Ariel Rabkin},
  title = {jchord - A Static and Dynamic Program Analysis Platform for {J}ava},
  url = {http://code.google.com/p/jchord/},
  owner = {Filip Navara},
  timestamp = {2011.05.02}
}

@BOOK{Nielson1999,
  title = {Principles of Program Analysis},
  publisher = {Springer-Verlag New York, Inc.},
  year = {1999},
  author = {Nielson, Flemming and Nielson, Hanne R. and Hankin, Chris},
  address = {Secaucus, NJ, USA},
  isbn = {3540654100}
}

@ARTICLE{Permandla2007,
  author = {Permandla, Pratibha and Roberson, Michael and Boyapati, Chandrasekhar},
  title = {A type system for preventing data races and deadlocks in the {J}ava
	virtual machine language},
  journal = {SIGPLAN Not.},
  year = {2007},
  volume = {42},
  pages = {10--},
  month = {June},
  acmid = {1254768},
  address = {New York, NY, USA},
  issn = {0362-1340},
  issue = {7},
  keywords = {SafeJava, data races, deadlocks, ownership types},
  publisher = {ACM}
}

@PHDTHESIS{Praun2004,
  author = {Christoph von Praun},
  title = {Detecting Synchronization Defects in Multi-Threaded Object-Oriented
	Programs},
  school = {Swiss Federal Institute of Technology, Zurich},
  year = {2004},
  owner = {Filip Navara},
  timestamp = {2011.04.25}
}

@ELECTRONIC{GraphViz,
  author = {AT\&T Labs Research},
  year = {2011},
  title = {Graph{V}iz, open source graph visualization software},
  url = {http://www.graphviz.org/},
  owner = {Filip Navara},
  timestamp = {2011.04.24}
}

@ARTICLE{Rice1953,
  author = {H. G. Rice},
  title = {Classes of Recursively Enumerable Sets and Their Decision Problems},
  journal = {Trans. Amer. Math. Soc.},
  year = {1953},
  volume = {74},
  pages = {358-366},
  owner = {Filip Navara},
  timestamp = {2011.01.24}
}

@UNPUBLISHED{Schwartzbach2009,
  author = {Michael I. Schwartzbach},
  title = {Lattice Theory, Control Flow Graphs, Dataflow Analysis},
  note = {Computer Science, University of Aarhus},
  year = {2009},
  journal = {Static Analysis},
  owner = {Filip Navara},
  timestamp = {2011.04.26}
}

@PHDTHESIS{Shivers1991,
  author = {Olin Shivers},
  title = {Control-Flow Analysis of Higher-Order Languages},
  school = {Carnegie Mellon University},
  year = {1991},
  month = {May},
  owner = {Filip Navara},
  timestamp = {2011.04.24}
}

@ARTICLE{Sinha2000,
  author = {Sinha, Saurabh and Harrold, Mary Jean},
  title = {Analysis and Testing of Programs with Exception Handling Constructs},
  journal = {IEEE Trans. Softw. Eng.},
  year = {2000},
  volume = {26},
  pages = {849--871},
  month = {September},
  acmid = {352832},
  address = {Piscataway, NJ, USA},
  issn = {0098-5589},
  issue = {9},
  keywords = {Exception handling, control flow analysis, control dependence analysis,
	data flow analysis, program slicing, structural testing.},
  numpages = {23},
  publisher = {IEEE Press}
}

@INPROCEEDINGS{Steensgaard1996,
  author = {Steensgaard, Bjarne},
  title = {Points-to analysis in almost linear time},
  booktitle = {Proceedings of the 23rd ACM SIGPLAN-SIGACT symposium on Principles
	of programming languages},
  year = {1996},
  series = {POPL '96},
  pages = {32--41},
  address = {New York, NY, USA},
  publisher = {ACM},
  acmid = {237727},
  isbn = {0-89791-769-3},
  location = {St. Petersburg Beach, Florida, United States},
  numpages = {10}
}

@ELECTRONIC{TypeMockRacer,
  author = {{TypeMock Ltd.}},
  year = {2011},
  title = {{T}ype{M}ock {R}acer},
  url = {http://www.typemock.com/typemock-racer-product/},
  owner = {Filip Navara},
  timestamp = {2011.04.26}
}

@INPROCEEDINGS{Williams2005,
  author = {Amy Lynne Williams},
  title = {Static detection of deadlock for {J}ava libraries},
  booktitle = {Master’s thesis, MIT Dept. of EECS},
  year = {2005}
}

@ARTICLE{Wilson1995,
  author = {Wilson, Robert P. and Lam, Monica S.},
  title = {Efficient context-sensitive pointer analysis for {C} programs},
  journal = {SIGPLAN Not.},
  year = {1995},
  volume = {30},
  pages = {1--12},
  month = {June},
  acmid = {207111},
  address = {New York, NY, USA},
  issn = {0362-1340},
  issue = {6},
  numpages = {12},
  publisher = {ACM}
}

@inproceedings{Chatterjee1999,
 author = {Chatterjee, Ramkrishna and Ryder, Barbara G. and Landi, William A.},
 title = {Relevant context inference},
 booktitle = {Proceedings of the 26th ACM SIGPLAN-SIGACT symposium on Principles of programming languages},
 series = {POPL '99},
 year = {1999},
 isbn = {1-58113-095-3},
 location = {San Antonio, Texas, United States},
 pages = {133--146},
 numpages = {14},
 acmid = {292554},
 publisher = {ACM},
 address = {New York, NY, USA},
} 

@inproceedings{Cheng2000,
 author = {Cheng, Ben-Chung and Hwu, Wen-Mei W.},
 title = {Modular interprocedural pointer analysis using access paths: design, implementation, and evaluation},
 booktitle = {Proceedings of the ACM SIGPLAN 2000 conference on Programming language design and implementation},
 series = {PLDI '00},
 year = {2000},
 isbn = {1-58113-199-2},
 location = {Vancouver, British Columbia, Canada},
 pages = {57--69},
 numpages = {13},
 acmid = {349311},
 publisher = {ACM},
 address = {New York, NY, USA},
} 

@comment{jabref-meta: selector_publisher:}

@comment{jabref-meta: selector_author:}

@comment{jabref-meta: selector_journal:}

@comment{jabref-meta: selector_keywords:}

